@Manual{citeR,
    title = {R: A Language and Environment for Statistical Computing},
    author = {{R Core Team}},
    organization = {R Foundation for Statistical Computing},
    address = {Vienna, Austria},
    year = {2020},
    url = {https://www.R-project.org/},
  }
  
@Manual{citeknitr,
    title = {knitr: A General-Purpose Package for Dynamic Report Generation in R},
    author = {Yihui Xie},
    year = {2021},
    note = {R package version 1.37},
  }

@Manual{citeakableExtra,
    title = {kableExtra: Construct Complex Table with 'kable' and Pipe Syntax},
    author = {Hao Zhu},
    year = {2021},
    note = {http://haozhu233.github.io/kableExtra/,
https://github.com/haozhu233/kableExtra},
  }

@Manual{citeCDC,
    title = {Nutrition, Physical Activity, and Obesity},
    author = {},
    year = {2022},
    note = {Centre for Disease Control and Prevention, United States of America},
}

@article{gebru2021datasheets,
  title={Datasheets for datasets},
  author={Gebru, Timnit and Morgenstern, Jamie and Vecchione, Briana and Vaughan, Jennifer Wortman and Wallach, Hanna and Iii, Hal Daum{\'e} and Crawford, Kate},
  journal={Communications of the ACM},
  volume={64},
  number={12},
  pages={86--92},
  year={2021},
  publisher={ACM New York, NY, USA}
}

@Article{citetidyverse,
    title = {Welcome to the {tidyverse}},
    author = {Hadley Wickham and Mara Averick and Jennifer Bryan and Winston Chang and Lucy D'Agostino McGowan and Romain François and Garrett Grolemund and Alex Hayes and Lionel Henry and Jim Hester and Max Kuhn and Thomas Lin Pedersen and Evan Miller and Stephan Milton Bache and Kirill Müller and Jeroen Ooms and David Robinson and Dana Paige Seidel and Vitalie Spinu and Kohske Takahashi and Davis Vaughan and Claus Wilke and Kara Woo and Hiroaki Yutani},
    year = {2019},
    journal = {Journal of Open Source Software},
    volume = {4},
    number = {43},
    pages = {1686},
    doi = {10.21105/joss.01686},
  }

@Manual{citepointblank,
    title = {pointblank: Data Validation and Organization of Metadata for Local and
Remote Tables},
    author = {Richard Iannone and Mauricio Vargas},
    year = {2022},
    note = {R package version 0.10.0},
    url = {https://CRAN.R-project.org/package=pointblank},
  }
  
@Manual{citepdftools,
    title = {pdftools: Text Extraction, Rendering and Converting of PDF Documents},
    author = {Jeroen Ooms},
    year = {2022},
    note = {R package version 3.1.1},
    url = {https://CRAN.R-project.org/package=pdftools},
  }
  
@Manual{citehaven,
    title = {haven: Import and Export 'SPSS', 'Stata' and 'SAS' Files},
    author = {Hadley Wickham and Evan Miller},
    year = {2021},
    note = {R package version 2.4.3},
    url = {https://CRAN.R-project.org/package=haven},
  }
  
@Manual{citeNHIS_Ethics,
    title = {National Health Interview Survey},
    author = {The National Institute for Occupational Safety and Health},
    url = {https://www.cdc.gov/niosh/topics/nhis/method.html}
    }

@Article{citereshape2,
    title = {Reshaping Data with the {reshape} Package},
    author = {Hadley Wickham},
    journal = {Journal of Statistical Software},
    year = {2007},
    volume = {21},
    number = {12},
    pages = {1--20},
    url = {http://www.jstatsoft.org/v21/i12/},
  }

@Manual{citeNutrition,
    title = {Front-of-Package Nutrition Rating Systems and Symbols: Phase I Report},
    author = {National Academies Press (US)},
    year = {2010},
    url = {https://www.ncbi.nlm.nih.gov/books/NBK209844/},
    }

@Manual{citeMuscle,
    title = {Muscle Strengthening, Aerobic Exercise, and Obesity: A Pooled Analysis of 1.7 Million US Adults},
    author = {Jason A Bennie 1, Katrien De Cocker 1, Toby Pavey 2, Emmanuel Stamatakis 3 4, Stuart J H Biddle 1, Ding Ding},
    url = {https://pubmed.ncbi.nlm.nih.gov/31709754/},
    }
    
@Manual{citeActivity,
    title = {Physical Activity: Moving Toward Obesity Solutions: Workshop Summary},
    author = {Roundtable on Obesity Solutions; Food and Nutrition Board; Institute of Medicine},
    url = {https://www.ncbi.nlm.nih.gov/books/NBK333469/},
    }